<?xml version="1.0" encoding="UTF-8"?><collection xmlns="http://www.loc.gov/MARC21/slim"><record><leader>00425nam--2200121-i-4500</leader><controlfield tag="001">000009310</controlfield><controlfield tag="002">20161230</controlfield><controlfield tag="005">20161230201028</controlfield><controlfield tag="008">060222s1000------------r-----000-0-eng-d</controlfield><datafield ind1=" " ind2=" " tag="100"><subfield code="a">Chudley, C.T.And Butland, A.T.D</subfield></datafield><datafield ind1=" " ind2=" " tag="245"><subfield code="a">A review of thermal neutron diffusion data for heavy water and its consequences for neutron s cattering law models</subfield></datafield><datafield ind1=" " ind2=" " tag="260"><subfield code="a">Winfrith, Atomic Energy Establisgment, 1969. 25 P. + 8 Fig</subfield></datafield><datafield ind1=" " ind2=" " tag="852"><subfield code="a">32933</subfield></datafield></record></collection>